@book{fischer08,
author = "Gerd Fischer",
title = "Lehrbuch der Algebra",
edition = "1. Auflage",
publisher = "Vieweg Verlag",
address = "Wiesbaden",
year = "2008"}

@book{rainer08,
author = "Rainer Schulze-Pillot",
title = "Einfuehrung in Algebra und Zahlentheorie",
publisher = "Springer Verlag Berlin Heidelberg",
year = "2008"}

@book{fuchs66,
author = "László Fuchs",
title = "Teilweise geordnete algebraische Strukturen",
publisher = "Vandenhoeck und Rupprecht",
address = "Göttingen",
year = "1966"}

@ONLINE{priesscrampe69,
author = "Sibylla Priess-Crampe",
title = "Archimedische Klassen von Kommutatoren in angeordneten Gruppen",
year = "1969",
url = "link.springer.com/content/pdf/10.1007%2FBF01220929.pdf"}

@ONLINE{carruth48,
author = "Philip W. Carruth",
title = "Generalized power series fields",
year = "May 1948",
url = "http://www.ams.org/journals/tran/1948-063-03/S0002-9947-1948-0024883-6/S0002-9947-1948-0024883-6.pdf"}

@ONLINE{ribenboi,
author = "Paulo Ribenboim",
title = "Rings of generalized power series",
year = "May 1948",
url = "http://www-math.bgsu.edu/~warrenb/Courses/Research/PowerSeries/unit%26zd.pdf"}

@book{priesscrampe83,
author = "Sibylla Prieß-Crampe",
title = "Angeordnete Strukturen",
publisher = "Springer-Verlag",
year = "1983"}

@inbook{malzew48,
author = "Malzew",
title = "Über geordnete Gruppen",
pages = "1499;1501",
publisher = "Akad. HAYK CCCP",
address = "Hayk",
year = "1948"}

@inbook{hoelder1901,
author = "Hölder, Otto",
title = "Die Axiome der Quantität und die Lehre vom Maß",
pages = "1-64",
publisher = " Ber. Verh. Sächs. Akad. Wiss. Leipzig Math. Phys. Kl.",
address = "Leipzig",
year = "1901"}

@inbook{Lueneburg08,
author = "Lüneburg, Heinz",
title = "Von Zahlen und Größen - Dritthalbtausend Jahre Theorie und Praxis, Band 1",
pages = "507-577",
publisher = " Birkhäuser Verlag",
address = "Basel",
year = "2008"}





