@book{fischer08,
author = "Gerd Fischer",
title = "Lehrbuch der Algebra",
edition = "1. Auflage",
publisher = "Vieweg Verlag",
address = "Wiesbaden",
year = "2008"}

@book{fuchs66,
author = "László Fuchs",
title = "Teilweise geordnete algebraische Strukturen",
publisher = "Vandenhoeck & Rupprecht",
address = "Göttingen",
year = "1966"}

@book{priesscrampe83,
author = "Sibylla Prieß-Crampe",
title = "Angeordnete Strukturen",
publisher = "Springer-Verlag",
year = "1983"}

@inbook{engel98,
author = "Arthur Engel",
title = "Problem-Solving Strategies",
chapter = "13. Games",
pages = "365;371",
publisher = "Springer Verlag",
address = "New York",
year = "1998"}

@ONLINE{priesscrampe69,
author = "Sibylla Priess-Crampe",
title = "Archimedische Klassen von Kommutatoren in angeordneten Gruppen",
year = "1969",
url = "link.springer.com/content/pdf/10.1007%2FBF01220929.pdf"}

\@inbook{cole69,
author = "A. J. Cole and A. J. T. Davie",
\title = "Mathematical Gazette 53",
chapter = "A game based on the Euclidean algorithm and a winning strategy for it",
publisher = "The Mathematical Association",
pages = "354-357",
year = "1969"}

\@article{nhan12,
author = "Nhan Bao Ho",
title = "Variations of the Game 3-Euklid",
journal = "International Journal of Combinatorics",
year = "2012"}
